<record><leader>00000cas a2200000 a 4500</leader><controlfield tag="001">37498825</controlfield><controlfield tag="008">970819d191u1942oruwr ne      0    0eng c</controlfield><datafield ind1=" " ind2=" " tag="010"><subfield code="a">sn 96088035 </subfield></datafield><datafield ind1=" " ind2=" " tag="040"><subfield code="a">OCN</subfield><subfield code="b">eng</subfield><subfield code="c">OCN</subfield><subfield code="d">OCLCQ</subfield><subfield code="d">OCLCF</subfield><subfield code="d">OCLCO</subfield></datafield><datafield ind1="1" ind2=" " tag="029"><subfield code="a">AU@</subfield><subfield code="b">000013433369</subfield></datafield><datafield ind1=" " ind2=" " tag="042"><subfield code="a">pcc</subfield></datafield><datafield ind1=" " ind2=" " tag="043"><subfield code="a">n-us-or</subfield></datafield><datafield ind1="0" ind2=" " tag="130"><subfield code="a">Echo news (Echo, Or.)</subfield></datafield><datafield ind1="1" ind2="4" tag="245"><subfield code="a">The Echo news.</subfield></datafield><datafield ind1=" " ind2=" " tag="260"><subfield code="a">Echo, Or. :</subfield><subfield code="b">W.H. Crary,</subfield><subfield code="c">-1942.</subfield></datafield><datafield ind1=" " ind2=" " tag="300"><subfield code="a">v.</subfield></datafield><datafield ind1=" " ind2=" " tag="310"><subfield code="a">Weekly</subfield></datafield><datafield ind1="0" ind2=" " tag="362"><subfield code="a">-v. 29, no. 47 (May 29, 1942).</subfield></datafield><datafield ind1=" " ind2=" " tag="500"><subfield code="a">1921-1923, 1927-1931 includes newspaper published during school terms by Echo High School students.</subfield></datafield><datafield ind1=" " ind2=" " tag="588"><subfield code="a">Description based on: Vol. 4, no. 27 (Feb. 2, 1917).</subfield></datafield><datafield ind1=" " ind2="0" tag="651"><subfield code="a">Echo (Or.)</subfield><subfield code="v">Newspapers.</subfield></datafield><datafield ind1=" " ind2="7" tag="655"><subfield code="a">Newspapers.</subfield><subfield code="2">fast</subfield><subfield code="0">(OCoLC)fst01423814</subfield></datafield><datafield ind1=" " ind2="7" tag="651"><subfield code="a">Oregon</subfield><subfield code="z">Echo.</subfield><subfield code="2">fast</subfield><subfield code="0">(OCoLC)fst01281597</subfield></datafield><datafield ind1="0" ind2="2" tag="740"><subfield code="a">Tortoise.</subfield></datafield><datafield ind1="0" ind2="2" tag="740"><subfield code="a">E.H.S. Mike.</subfield></datafield><datafield ind1=" " ind2=" " tag="752"><subfield code="a">United States</subfield><subfield code="b">Oregon</subfield><subfield code="c">Umatilla</subfield><subfield code="d">Echo.</subfield></datafield></record>